@book{latexcompanion,
    author    = "Michel Goossens and Frank Mittelbach and Alexander Samarin",
    title     = "The \LaTeX\ Companion",
    year      = "1993",
    publisher = "Addison-Wesley",
    address   = "Reading, Massachusetts"
}

@article{Efraimidis_2006,
 author = {Efraimidis, Pavlos S. and Spirakis, Paul G.},
 title = {Weighted Random Sampling with a Reservoir},
 journal = {Inf. Process. Lett.},
 issue_date = {16 March 2006},
 volume = {97},
 number = {5},
 month = mar,
 year = {2006},
 issn = {0020-0190},
 pages = {181--185},
 numpages = {5},
 url = {https://doi.org/10.1016/j.ipl.2005.11.003},
 doi = {10.1016/j.ipl.2005.11.003},
 acmid = {1711169},
 publisher = {Elsevier North-Holland, Inc.},
 address = {New York, NY, USA},
 keywords = {Data streams, Parallel algorithms, Randomized algorithms, Reservoir sampling, Weighted random sampling},
}
